[gd_scene load_steps=6 format=2]

[ext_resource path="res://StonePlatform.tscn" type="PackedScene" id=1]
[ext_resource path="res://BlueShip.tscn" type="PackedScene" id=2]
[ext_resource path="res://GreenShip.tscn" type="PackedScene" id=3]
[ext_resource path="res://SnowPlatform.tscn" type="PackedScene" id=4]
[ext_resource path="res://Fasilkom.tscn" type="PackedScene" id=5]

[node name="Main" type="Node"]

[node name="PlatformBlue" type="Node2D" parent="."]
position = Vector2( 35, 565 )

[node name="StonePlatform" parent="PlatformBlue" instance=ExtResource( 1 )]

[node name="StonePlatform2" parent="PlatformBlue" instance=ExtResource( 1 )]
position = Vector2( 71.4142, 0 )

[node name="BlueShip" parent="." instance=ExtResource( 2 )]
position = Vector2( 66.0777, 81.5955 )
mass = 0.5

[node name="PlatformGreen" type="Node2D" parent="."]
position = Vector2( 181.764, 565 )

[node name="SnowPlatform" parent="PlatformGreen" instance=ExtResource( 4 )]
position = Vector2( -2.13757, -0.571167 )

[node name="SnowPlatform2" parent="PlatformGreen" instance=ExtResource( 4 )]
position = Vector2( 69.1179, -0.571167 )

[node name="GreenShip" parent="." instance=ExtResource( 3 )]
position = Vector2( 224.916, 84.7057 )

[node name="Fasilkom" parent="." instance=ExtResource( 5 )]
